@article{Elgabou,
  author = {Hani Abdalla Muftah Elgabou},
  title  = {Encoding The Lexicographic Ordering Constraint in Satisfiability Modulo Theories},
  year   = {2015},
  url    = {https://www.cs.york.ac.uk/aig/constraints/SMT/ElgabouThesis.pdf        }
}
@article{Zhao,
  author = {Wenting Zhao},
  title  = {Encoding Lexicographical Ordering Constraints in SAT},
  year   = {2017},
  url    = {https://digitalcommons.iwu.edu/cgi/viewcontent.cgi?article=1022&context=cs_honproj}
}